<?xml version="1.0" encoding="UTF-8"?><collection xmlns="http://www.loc.gov/MARC21/slim"><record><leader>00447nam--2200133-i-4500</leader><controlfield tag="001">000025507</controlfield><controlfield tag="002">20161230</controlfield><controlfield tag="005">20161230201036</controlfield><controlfield tag="008">060222s1000------------r-----000-0-eng-d</controlfield><datafield ind1=" " ind2=" " tag="080"><subfield code="a">551.5:621.039.8(043)</subfield></datafield><datafield ind1=" " ind2=" " tag="100"><subfield code="a">Jouzel, Jean</subfield></datafield><datafield ind1=" " ind2=" " tag="245"><subfield code="a">Complementarite des mesures de deuterium et de tritium pour l`etude de la formation des grelons. exemple d`application. these</subfield></datafield><datafield ind1=" " ind2=" " tag="260"><subfield code="a">Paris, Orsay, L`Universite De Paris-sud, 1974, 160p</subfield></datafield><datafield ind1=" " ind2=" " tag="852"><subfield code="a">43946</subfield></datafield></record></collection>